@article{farchietal2021,
title = {A comparison of combined data assimilation and machine learning methods for offline and online model error correction},
journal = {Journal of Computational Science},
volume = {55},
pages = {101468},
year = {2021},
issn = {1877-7503},
doi = {https://doi.org/10.1016/j.jocs.2021.101468},
url = {https://www.sciencedirect.com/science/article/pii/S1877750321001435},
author = {Alban Farchi and Marc Bocquet and Patrick Laloyaux and Massimo Bonavita and Quentin Malartic},
keywords = {Data assimilation, Machine learning, Model error, Surrogate model, Neural networks},
}


@article{camporeale2,
    author =       {Camporeale, E. and  Chu, X. and  Agapitov, O. V. and Bortnik, J.},
    title =        {On the generation of probabilistic forecasts from deterministic models},
    journal =      {Space Weather},
    year =         {2019},
    DOI =          {10.1029/2018SW002026}
}

@book{kalnay2003, 
    place={Cambridge}, 
    title={Atmospheric Modeling, Data Assimilation and Predictability}, DOI={10.1017/CBO9780511802270}, 
    publisher={Cambridge University Press}, 
    author={Kalnay, Eugenia}, 
    year={2003}
}

@article{carrassi2018,
author = {Carrassi, Alberto and Bocquet, Marc and Bertino, Laurent and Evensen, Geir},
title = {Data assimilation in the geosciences: An overview of methods, issues, and perspectives},
journal = {WIREs Climate Change},
volume = {9},
number = {5},
pages = {e535},
keywords = {Bayesian methods, data assimilation, ensemble methods, environmental prediction},
doi = {https://doi.org/10.1002/wcc.535},
year = {2018}
}
@article{candille,
    author = {Candille, Guillem and Côté, C. and Houtekamer, Pieter and Pellerin, Gerard},
    year = {2007},
    month = {07},
    pages = {},
    title = {Verification of an Ensemble Prediction System against Observation},
    volume = {135},
    journal = {Monthly Weather Review},
    doi = {10.1175/MWR3414.1}
}
@misc{camporeale1,
    author    = {Camporeale, E.},
    year      = {2018},
    title     = {Accuracy-Reliability Cost Function for Empirical Variance Estimation},
}

@misc{lorenz96,
	title = {Predictability: a problem partly solved},
	booktitle = {Seminar on Predictability, 4-8 September 1995},
	volume = {1},
	year = {1995},
	pages = {1-18},
	publisher = {ECMWF},
	organization = {ECMWF},
	address = {Shinfield Park, Reading},
	author = {Lorenz, E.N.}
}

@article{murphy,
author = {Murphy, Allan H.},
title = {What Is a Good Forecast? An Essay on the Nature of Goodness in Weather Forecasting},
journal = {Weather and Forecasting},
volume = {8},
number = {2},
pages = {281-293},
year = {1993},
doi = {10.1175/1520-0434(1993)008<0281:WIAGFA>2.0.CO;2},
}

@article{thornes,
author = {Thornes, John and Stephenson, David},
year = {2001},
month = {09},
pages = {307 - 314},
title = {How to judge the quality and value of weather forecast products},
volume = {8},
journal = {Meteorological Applications},
doi = {10.1017/S1350482701003061}
}

@techreport{stanski,
author = {Henry R. Stanski, Laurence J. Wilson and William R. Burrows},
year = {1989},
month = {7},
pages = {},
title = {SURVEY OF COMMON VERIFICATION METHODS IN METEOROLOGY},
}

@article{scher,
author = {Scher, Sebastian and Messori, Gabriele},
year = {2018},
month = {10},
pages = {},
title = {Predicting Weather Forecast Uncertainty with Machine Learning},
journal = {Quarterly Journal of the Royal Meteorological Society},
doi = {10.1002/qj.3410}
}
@misc{clare2021,
      title={A computationally efficient neural network for predicting weather forecast probabilities}, 
      author={Mariana Clare and Omar Jamil and Cyril Morcrette},
      year={2021},
      eprint={2103.14430},
      archivePrefix={arXiv},
      primaryClass={stat.ML}
}
@misc{wang,
    title={Deep Uncertainty Quantification: A Machine Learning Approach for Weather Forecasting},
    author={Bin Wang and Jie Lu and Zheng Yan and Huaishao Luo and Tianrui Li and Yu Zheng and Guangquan Zhang},
    year={2018},
    eprint={1812.09467},
    archivePrefix={arXiv},
    primaryClass={cs.LG}
}
@article{HUNT07,
title = "Efficient data assimilation for spatiotemporal chaos: A local ensemble transform Kalman filter",
journal = "Physica D: Nonlinear Phenomena",
volume = "230",
number = "1",
pages = "112 - 126",
year = "2007",
note = "Data Assimilation",
issn = "0167-2789",
doi = "https://doi.org/10.1016/j.physd.2006.11.008",
author = "Brian R. Hunt and Eric J. Kostelich and Istvan Szunyogh",
keywords = "Data assimilation, Spatiotemporal chaos, State estimation, Ensemble Kalman filtering",
}
@article{hersbach,
author = {Hersbach, Hans},
year = {2000},
month = {10},
pages = {559-570},
title = {Decomposition of the Continuous Ranked Probability Score for Ensemble Prediction Systems},
volume = {15},
journal = {Weather and Forecasting - WEATHER FORECAST},
doi = {10.1175/1520-0434(2000)015<0559:DOTCRP>2.0.CO;2}
}
@conference {talagrand99,
	title = {Evaluation of probabilistic prediction systems},
	booktitle = {Workshop on Predictability, 20-22 October 1997},
	year = {1997},
	pages = {1-26},
	publisher = {ECMWF},
	organization = {ECMWF},
	address = {Shinfield Park, Reading},
	author = {O. Talagrand and R. Vautard and B Strauss}
}
@misc{adam,
      title={Adam: A Method for Stochastic Optimization}, 
      author={Diederik P. Kingma and Jimmy Ba},
      year={2017},
      eprint={1412.6980},
      archivePrefix={arXiv},
      primaryClass={cs.LG}
}

@INPROCEEDINGS{RELU1,
  author={Jarrett, Kevin and Kavukcuoglu, Koray and Ranzato, Marc'Aurelio and LeCun, Yann},
  booktitle={2009 IEEE 12th International Conference on Computer Vision}, 
  title={What is the best multi-stage architecture for object recognition?}, 
  year={2009},
  volume={},
  number={},
  pages={2146-2153},
  doi={10.1109/ICCV.2009.5459469}}

@inproceedings{RELU2,
  author={Vinod Nair and Geoffrey E. Hinton},
  title={Rectified Linear Units Improve Restricted Boltzmann Machines},
  year={2010},
  cdate={1262304000000},
  pages={807-814},
  booktitle={ICML}
}
@article{softplus,
author = {Dugas, Charles and Bengio, Y. and Elisle, Francois and Nadeau, Claude},
year = {2001},
month = {02},
pages = {},
title = {Incorporating Second-Order Functional Knowledge for Better Option Pricing},
journal = {Cirano Working Papers}
}
@article{lecun2015,

  author = {LeCun, Yann and Bengio, Yoshua and Hinton, Geoffrey},
  bibsource = {dblp computer science bibliography, https://dblp.org},
  description = {Deep Learning first paper.},
  doi = {10.1038/nature14539},
  interhash = {6e8511bc64ba3e808ebf330db96a4ea5},
  intrahash = {2d2dbe7ffc1f95b46d0fc31b9b2706d6},
  journal = {Nature},
  keywords = {anomaly-detection deep-learning machine-learning},
  number = 7553,
  pages = {436--444},
  timestamp = {2019-11-21T08:33:04.000+0100},
  title = {Deep Learning},
  volume = 521,
  year = 2015
}
@article{D_Isanto_2018,
   title={Photometric redshift estimation via deep learning},
   volume={609},
   ISSN={1432-0746},
   DOI={10.1051/0004-6361/201731326},
   journal={Astronomy \& Astrophysics},
   publisher={EDP Sciences},
   author={D’Isanto, A. and Polsterer, K. L.},
   year={2018},
   month={Jan},
   pages={A111}
}

@article{rasp2020,
author = {Rasp, Stephan and Thuerey, Nils},
title = {Data-Driven Medium-Range Weather Prediction With a Resnet Pretrained on Climate Simulations: A New Model for WeatherBench},
journal = {Journal of Advances in Modeling Earth Systems},
volume = {13},
number = {2},
pages = {e2020MS002405},
keywords = {deep learning, machine learning, numerical weather forecasting},
doi = {https://doi.org/10.1029/2020MS002405},
year = {2021}
}
@article{Tandeo2020,
   title={A Review of Innovation-Based Methods to Jointly Estimate Model and Observation Error Covariance Matrices in Ensemble Data Assimilation},
   volume={148},
   ISSN={1520-0493},
   DOI={10.1175/mwr-d-19-0240.1},
   number={10},
   journal={Monthly Weather Review},
   publisher={American Meteorological Society},
   author={Tandeo, Pierre and Ailliot, Pierre and Bocquet, Marc and Carrassi, Alberto and Miyoshi, Takemasa and Pulido, Manuel and Zhen, Yicun},
   year={2020},
   month={Oct},
   pages={3973–3994}
}
@article{pulido16,
author = {Pulido, M. and Scheffler, G. and Ruiz, J. J. and Lucini, M. M. and Tandeo, P.},
title = {Estimation of the functional form of subgrid-scale parametrizations using ensemble-based data assimilation: a simple model experiment},
journal = {Quarterly Journal of the Royal Meteorological Society},
volume = {142},
number = {701},
pages = {2974-2984},
year={2016},
keywords = {EnKF, parameter estimation, subgrid-scale schemes, Lorenz '96 system, parametrization},
doi = {https://doi.org/10.1002/qj.2879},
}

@article{wilks05,
author = {Wilks, Daniel S.},
title = {Effects of stochastic parametrizations in the Lorenz '96 system},
journal = {Quarterly Journal of the Royal Meteorological Society},
volume = {131},
number = {606},
pages = {389-407},
keywords = {Ensemble prediction, Probability forecasting, Spread–skill relationship},
doi = {https://doi.org/10.1256/qj.04.03},
year = {2005}
}

@article{pulido2018,
author = {Manuel Pulido and Pierre Tandeo and Marc Bocquet and Alberto Carrassi and Magdalena Lucini},
title = {Stochastic parameterization identification using ensemble Kalman filtering combined with maximum likelihood methods},
journal = {Tellus A: Dynamic Meteorology and Oceanography},
volume = {70},
number = {1},
pages = {1-17},
year  = {2018},
publisher = {Taylor & Francis},
doi = {10.1080/16000870.2018.1442099},

}

@article{grooms2021,
author = {Grooms, Ian},
title = {Analog ensemble data assimilation and a method for constructing analogs with variational autoencoders},
journal = {Quarterly Journal of the Royal Meteorological Society},
volume = {147},
number = {734},
pages = {139-149},
keywords = {analogs, Ensemble Optimal Interpolation, machine learning, variational autoencoder},
doi = {https://doi.org/10.1002/qj.3910},
year = {2021}
}
@misc{gronquist2019,
      title={Predicting Weather Uncertainty with Deep Convnets}, 
      author={Peter Grönquist and Tal Ben-Nun and Nikoli Dryden and Peter Dueben and Luca Lavarini and Shigang Li and Torsten Hoefler},
      year={2019},
      eprint={1911.00630},
      archivePrefix={arXiv},
      primaryClass={cs.LG}
}
@article{gronquist2021,
author = {Grönquist, Peter  and Yao, Chengyuan  and Ben-Nun, Tal  and Dryden, Nikoli  and Dueben, Peter  and Li, Shigang  and Hoefler, Torsten },
title = {Deep learning for post-processing ensemble weather forecasts},
journal = {Philosophical Transactions of the Royal Society A: Mathematical, Physical and Engineering Sciences},
volume = {379},
number = {2194},
pages = {20200092},
year = {2021},
doi = {10.1098/rsta.2020.0092},
}
@article{scher2020,
author = {Scher, Sebastian and Messori, Gabriele},
title = {Ensemble Methods for Neural Network-Based Weather Forecasts},
journal = {Journal of Advances in Modeling Earth Systems},
volume = {13},
number = {2},
pages = {},
keywords = {ensemble forecasting, machine learning, neural networks, singular value decomposition, weather forecasting},
doi = {https://doi.org/10.1029/2020MS002331},
year = {2021}
}
@Article{lu2021,
  author={Hong Lu and Yi Ou and Chuan Qin and Long Jin},
  title={{A fuzzy neural network bagging ensemble forecasting model for 72-h forecast of low-temperature chilling injury}},
  journal={Natural Hazards: Journal of the International Society for the Prevention and Mitigation of Natural Hazards},
  year=2021,
  volume={105},
  number={2},
  pages={2147-2160},
  month={January},
  keywords={Cold–wet index; Fuzzy neural network; Bagging ensemble forecast; Short-term forecast},
  doi={10.1007/s11069-020-04393-},
}

@article{hamill2006,
author = {Hamill, Thomas and Whitaker, Jeffrey},
year = {2006},
month = {11},
pages = {},
title = {Probabilistic Quantitative Precipitation Forecasts Based on Reforecast Analogs: Theory and Application},
volume = {134},
journal = {Monthly Weather Review},
doi = {10.1175/MWR3237.1}
}

@article{Rasp2018,
   title={Neural Networks for Postprocessing Ensemble Weather Forecasts},
   volume={146},
   ISSN={1520-0493},
   DOI={10.1175/mwr-d-18-0187.1},
   number={11},
   journal={Monthly Weather Review},
   publisher={American Meteorological Society},
   author={Rasp, Stephan and Lerch, Sebastian},
   year={2018},
   month={Oct},
   pages={3885–3900}
}

@article{Hagedorn2012,
author = {Hagedorn, Renate and Buizza, Roberto and Hamill, Thomas M. and Leutbecher, Martin and Palmer, T. N.},
title = {Comparing TIGGE multimodel forecasts with reforecast-calibrated ECMWF ensemble forecasts},
journal = {Quarterly Journal of the Royal Meteorological Society},
volume = {138},
number = {668},
pages = {1814-1827},
keywords = {multimodel ensemble, reforecasts, calibration, forecast evaluation},
doi = {https://doi.org/10.1002/qj.1895},
year = {2012}
}

@article{KRASNOPOLSKY2006,
title = {Complex hybrid models combining deterministic and machine learning components for numerical climate modeling and weather prediction},
journal = {Neural Networks},
volume = {19},
number = {2},
pages = {122-134},
year = {2006},
note = {Earth Sciences and Environmental Applications of Computational Intelligence},
issn = {0893-6080},
doi = {https://doi.org/10.1016/j.neunet.2006.01.002},
author = {Vladimir M. Krasnopolsky and Michael S. Fox-Rabinovitz},
keywords = {Neural networks, Machine learning, Numerical modeling, Climate, Weather, Hybrid model},
}

@inproceedings{vandal2018,
  title     = {Generating High Resolution Climate Change Projections through Single Image Super-Resolution: An Abridged Version},
  author    = {Thomas Vandal and Evan Kodra and Sangram Ganguly and Andrew Michaelis and Ramakrishna Nemani and Auroop R Ganguly},
  booktitle = {Proceedings of the Twenty-Seventh International Joint Conference on
               Artificial Intelligence, {IJCAI-18}},
  publisher = {International Joint Conferences on Artificial Intelligence Organization},             
  pages     = {5389--5393},
  year      = {2018},
  month     = {7},
  doi       = {https://doi.org/10.24963/ijcai.2018/759},
}

@article{scheffler2019,
author = {Scheffler, Guillermo and Ruiz, Juan and Pulido, Manuel},
title = {Inference of stochastic parametrizations for model error treatment using nested ensemble Kalman filters},
journal = {Quarterly Journal of the Royal Meteorological Society},
volume = {145},
number = {722},
pages = {2028-2045},
keywords = {hierarchical Kalman filters, model error, parameter estimation, stochastic parametrization},
doi = {https://doi.org/10.1002/qj.3542},
year = {2019}
}
@ARTICLE{herman2018,
       author = {{Herman}, Gregory R. and {Schumacher}, Russ S.},
        title = "{Money Doesn't Grow on Trees, but Forecasts Do: Forecasting Extreme Precipitation with Random Forests}",
      journal = {Monthly Weather Review},
         year = 2018,
        month = may,
       volume = {146},
       number = {5},
        pages = {1571-1600},
          doi = {10.1175/MWR-D-17-0250.1},
       adsurl = {https://ui.adsabs.harvard.edu/abs/2018MWRv..146.1571H},
      adsnote = {Provided by the SAO/NASA Astrophysics Data System}
}

@article{hauptetal2021,
author = {Haupt,  Sue Ellen and Chapman, William and Adams, Samantha V and Kirkwood,  Charlie and Hosking, J Scott and Robinson, Niall H and Lerch,  Sebastian and Subramanian, Aneesh C},
title = {Towards implementing artificial intelligence post-processing in weather and climate:proposed actions from the Oxford 2019 workshop},
journal = {Philosophical transactions. Series A, Mathematical, physical, and engineering sciences},
volume = {379},
number = {2194},
doi = {10.1098/rsta.2020.0091},
year = {2021}
}
@article{choetal2020,
author = {Cho, Dongjin and Yoo, Cheolhee and Im, Jungho and Cha, Dong-Hyun},
title = {Comparative Assessment of Various Machine Learning-Based Bias Correction Methods for Numerical Weather Prediction Model Forecasts of Extreme Air Temperatures in Urban Areas},
journal = {Earth and Space Science},
volume = {7},
number = {4},
pages = {e2019EA000740},
keywords = {Air temperature forecast, bias correction, random forest, support vector regression, artificial neural networks, multi-model ensemble},
doi = {https://doi.org/10.1029/2019EA000740},
note = {e2019EA000740 2019EA000740},
year = {2020}
}

@article{YANG2021,
title = {Machine learning techniques to construct patched analog ensembles for data assimilation},
journal = {Journal of Computational Physics},
volume = {443},
pages = {110532},
year = {2021},
issn = {0021-9991},
doi = {https://doi.org/10.1016/j.jcp.2021.110532},
url = {https://www.sciencedirect.com/science/article/pii/S0021999121004277},
author = {L. Minah Yang and Ian Grooms},
}

@Article{ecceletal2007,
AUTHOR = {Eccel, E. and Ghielmi, L. and Granitto, P. and Barbiero, R. and Grazzini, F. and Cesari, D.},
TITLE = {Prediction of minimum temperatures in an alpine region by linear and non-linear post-processing of meteorological models},
JOURNAL = {Nonlinear Processes in Geophysics},
VOLUME = {14},
YEAR = {2007},
NUMBER = {3},
PAGES = {211--222},
URL = {https://npg.copernicus.org/articles/14/211/2007/},
DOI = {10.5194/npg-14-211-2007}
}

@article {houtekamerzhang2016,
      author = "P. L. Houtekamer and Fuqing Zhang",
      title = "Review of the Ensemble Kalman Filter for Atmospheric Data Assimilation",
      journal = "Monthly Weather Review",
      year = "2016",
      publisher = "American Meteorological Society",
      address = "Boston MA, USA",
      volume = "144",
      number = "12",
      doi = "10.1175/MWR-D-15-0440.1",
      pages=      "4489 - 4532",
      url = "https://journals.ametsoc.org/view/journals/mwre/144/12/mwr-d-15-0440.1.xml"
}

@article {lguensat2018,
      author = "Redouane Lguensat and Pierre Tandeo and Pierre Ailliot and Manuel Pulido and Ronan Fablet",
      title = "The Analog Data Assimilation",
      journal = "Monthly Weather Review",
      year = "2017",
      publisher = "American Meteorological Society",
      address = "Boston MA, USA",
      volume = "145",
      number = "10",
      doi = "10.1175/MWR-D-16-0441.1",
      pages=      "4093 - 4107",
      url = "https://journals.ametsoc.org/view/journals/mwre/145/10/mwr-d-16-0441.1.xml"
}
@article{tandeo2015,
author = {Tandeo, P. and Pulido, M. and Lott, F.},
title = {Offline parameter estimation using EnKF and maximum likelihood error covariance estimates: Application to a subgrid-scale orography parametrization},
journal = {Quarterly Journal of the Royal Meteorological Society},
volume = {141},
number = {687},
pages = {383-395},
keywords = {offline parameter estimation, EnKF, EM algorithm, subgrid-scale orography parametrization},
doi = {https://doi.org/10.1002/qj.2357},
url = {https://rmets.onlinelibrary.wiley.com/doi/abs/10.1002/qj.2357},
eprint = {https://rmets.onlinelibrary.wiley.com/doi/pdf/10.1002/qj.2357},
year = {2015}
}

@article {platzer2021,
      author = "P. Platzer and P. Yiou and P. Naveau and P. Tandeo and J.-F. Filipot and P. Ailliot and Y. Zhen",
      title = "Using Local Dynamics to Explain Analog Forecasting of Chaotic Systems",
      journal = "Journal of the Atmospheric Sciences",
      year = "2021",
      publisher = "American Meteorological Society",
      address = "Boston MA, USA",
      volume = "78",
      number = "7",
      doi = "10.1175/JAS-D-20-0204.1",
      pages=      "2117 - 2133",
      url = "https://journals.ametsoc.org/view/journals/atsc/78/7/JAS-D-20-0204.1.xml"
}
@article{Camporeale2021,
	author  = "Enrico Camporeale and Algo  Carè",
	title   = "ACCRUE: ACCURATE AND RELIABLE UNCERTAINTY ESTIMATE IN DETERMINISTIC MODELS",
	journal = "International Journal for Uncertainty Quantification",
	issn    = "2152-5080",
	year    = "2021",
	volume  = "11",
	number  = "4",
	pages   = "81--94"
}